<collection xmlns="http://www.loc.gov/MARC21/slim">
<record>
  <leader>01351nam0a22002771i 450 </leader>
  <controlfield tag="001">IT\ICCU\CNCE\061724</controlfield>
  <controlfield tag="005">20051010000000.0</controlfield>
  <datafield tag="012" ind1=" " ind2=" ">
    <subfield code="a">rahe i-i- ioro piRe (3) 1583 (R)</subfield>
    <subfield code="2">fei</subfield>
  </datafield>
  <datafield tag="100" ind1=" " ind2=" ">
    <subfield code="a">20051010d1583        0itac0103    ba</subfield>
  </datafield>
  <datafield tag="101" ind1=" " ind2=" ">
    <subfield code="a">ITA</subfield>
  </datafield>
  <datafield tag="102" ind1=" " ind2=" ">
    <subfield code="a">IT</subfield>
  </datafield>
  <datafield tag="200" ind1="1" ind2=" ">
    <subfield code="a">De governo de&apos; regni. Sotto morali essempi di animali ragionanti tra loro. Tratti prima in lingua indiana agarena da Lelo Demno saraceno. Et poi dall&apos;agarena, nella greca da Simeone Setto ...</subfield>
  </datafield>
  <datafield tag="210" ind1=" " ind2=" ">
    <subfield code="a">In Ferrara</subfield>
    <subfield code="c">per Dominico Mammarelli</subfield>
    <subfield code="d">1583</subfield>
  </datafield>
  <datafield tag="215" ind1=" " ind2=" ">
    <subfield code="a">\3!, 69, \1! p.</subfield>
    <subfield code="d"></subfield>
  </datafield>
  <datafield tag="300" ind1=" " ind2=" ">
    <subfield code="a"></subfield>
  </datafield>
  <datafield tag="620" ind1=" " ind2=" ">
    <subfield code="a">IT</subfield>
    <subfield code="d">Ferrara</subfield>
  </datafield>
  <datafield tag="702" ind1=" " ind2="0">
    <subfield code="a">Simeon Seth</subfield>
    <subfield code="3">IT\ICCU\CNCA\023919</subfield>
  </datafield>
  <datafield tag="712" ind1="0" ind2="0">
    <subfield code="a">Mammarello, Domenico</subfield>
    <subfield code="3">IT\ICCU\CNCT\000500</subfield>
    <subfield code="4">650</subfield>
  </datafield>
  <datafield tag="790" ind1=" " ind2="1">
    <subfield code="a">Seth,</subfield>
    <subfield code="b">Simeon</subfield>
    <subfield code="3">IT\ICCU\CNCA\024857</subfield>
    <subfield code="z">Simeon Seth</subfield>
  </datafield>
  <datafield tag="790" ind1=" " ind2="1">
    <subfield code="a">Setto,</subfield>
    <subfield code="b">Simone</subfield>
    <subfield code="3">IT\ICCU\CNCA\024858</subfield>
    <subfield code="z">Simeon Seth</subfield>
  </datafield>
  <datafield tag="791" ind1="0" ind2="0">
    <subfield code="a">Mamarellus, Dominicus</subfield>
    <subfield code="3">IT\ICCU\CNCT\003951</subfield>
    <subfield code="z">Mammarello, Domenico</subfield>
  </datafield>
  <datafield tag="791" ind1="0" ind2="0">
    <subfield code="a">Mammarelli, Domenico</subfield>
    <subfield code="3">IT\ICCU\CNCT\004991</subfield>
    <subfield code="z">Mammarello, Domenico</subfield>
  </datafield>
  <datafield tag="791" ind1="0" ind2="0">
    <subfield code="a">Mamarelli, Domenico</subfield>
    <subfield code="3">IT\ICCU\CNCT\004992</subfield>
    <subfield code="z">Mammarello, Domenico</subfield>
  </datafield>
  <datafield tag="791" ind1="0" ind2="0">
    <subfield code="a">Mammarellius, Dominicus</subfield>
    <subfield code="3">IT\ICCU\CNCT\004993</subfield>
    <subfield code="z">Mammarello, Domenico</subfield>
  </datafield>
  <datafield tag="801" ind1=" " ind2="3">
    <subfield code="a">IT</subfield>
    <subfield code="b">ICCU</subfield>
    <subfield code="c">20201115</subfield>
  </datafield>
  <datafield tag="899" ind1=" " ind2=" ">
    <subfield code="a">Biblioteca civica Giovanni Canna. Casale Monferrato</subfield>
    <subfield code="1">AL0114</subfield>
    <subfield code="2">TO0 49</subfield>
  </datafield>
</record>
</collection>
